<?xml version="1.0" encoding="UTF-8"?><collection xmlns="http://www.loc.gov/MARC21/slim"><record><leader>00549nam--2200181-i-4500</leader><controlfield tag="001">000020438</controlfield><controlfield tag="002">20161230</controlfield><controlfield tag="005">20161230201033</controlfield><controlfield tag="008">060222s1000------------r-----000-0-eng-d</controlfield><datafield ind1=" " ind2=" " tag="040"><subfield code="a">IFIN-HH</subfield></datafield><datafield ind1=" " ind2=" " tag="080"><subfield code="a">539.143.43.078</subfield></datafield><datafield ind1="1" ind2=" " tag="100"><subfield code="a">Howell, Gertrude M</subfield></datafield><datafield ind1="1" ind2="0" tag="245"><subfield code="a">Formula index to nmr literature data</subfield><subfield code="b">1961-1962 references</subfield><subfield code="c">Gertrude m. howell, andrew s. kende, john s. webb (eds.)</subfield></datafield><datafield ind1=" " ind2=" " tag="260"><subfield code="a">New York</subfield><subfield code="b">Plenum Press</subfield><subfield code="c">1966</subfield></datafield><datafield ind1=" " ind2=" " tag="300"><subfield code="a">IX + 516 P</subfield></datafield><datafield ind1="1" ind2=" " tag="700"><subfield code="a">Webb, John S</subfield><subfield code="e">Ed</subfield></datafield><datafield ind1=" " ind2=" " tag="852"><subfield code="a">22959</subfield><subfield code="c">539.143.43</subfield></datafield><datafield ind1=" " ind2=" " tag="CAT"><subfield code="a">Sys</subfield><subfield code="c">20120419</subfield><subfield code="h">154143</subfield></datafield></record></collection>